@article{bolchiniCDT,                                                              
 author    = {Cristiana Bolchini and                                               
               Carlo Curino and                                                    
               Giorgio Orsi and                                                    
               Elisa Quintarelli and                                               
               Rosalba Rossato and                                                 
               Fabio A. Schreiber and                                              
               Letizia Tanca},                                                     
 title = {And what can context do for data?},                                      
 journal = {Commun. ACM},                                                          
 volume = {52},                                                                    
 number = {11},                                                                    
 year = {2009},                                                                    
 issn = {0001-0782},                                                               
 pages = {136--140},                                                               
 doi = {http://doi.acm.org/10.1145/1592761.1592793},                               
 publisher = {ACM},                                                                
 address = {New York, NY, USA},                                                    
 }

@article{tse_perla,
  author    = {Fabio A. Schreiber and                                           
               Romolo Camplani and                                              
               Marco Fortunato and                                              
               Marco Marelli and                                                
               Guido Rota},                                                     
  title     = {PerLa: A Language and Middleware Architecture for Data Management
               and Integration in Pervasive Information Systems},               
  journal   = {IEEE Trans. Software Eng.},                                      
  volume    = {38},                                                             
  number    = {2},                                                              
  year      = {2012},                                                           
  pages     = {478-496},                                                        
  ee        = {http://doi.ieeecomputersociety.org/10.1109/TSE.2011.25},         
  bibsource = {DBLP, http://dblp.uni-trier.de}                                  
}

@inproceedings{vigano_ctx,
  author = {Fabio A. Schreiber and  Letizia Tanca and Romolo Camplani and Diego Vigan{\'o}},
  title     = {Pushing context-awareness down to the core: more flexibility for the {P}er{L}a language},
  booktitle = {Electronic Proc. 6th PersDB},                                    
  year      = {2012},                                                           
  pages     = {1--6},                                                           
 ee {http://persdb2012.cs.umn.edu/program.html]                                 
 }

@phdthesis{mm_thesis,
  author   = {Marco Fortunato and Marco Marelli},
  title    = {Design of a declarative language for Pervasive Systems},
  year     = {2006/2007}
}
